<record><leader>00000cas a2200000 a 4500</leader><controlfield tag="001">6168895</controlfield><controlfield tag="007">cr un|||||||||</controlfield><controlfield tag="008">800404d19751982orumr ne     f0    0eng c</controlfield><datafield ind1=" " ind2=" " tag="010"><subfield code="a">sn 94050924 </subfield></datafield><datafield ind1=" " ind2=" " tag="040"><subfield code="a">GZN</subfield><subfield code="b">eng</subfield><subfield code="c">GZN</subfield><subfield code="d">MUL</subfield><subfield code="d">ANU</subfield><subfield code="d">CVF</subfield><subfield code="d">NYS</subfield><subfield code="d">CUS</subfield><subfield code="d">OCLCQ</subfield><subfield code="d">ORU</subfield><subfield code="d">OCLCQ</subfield><subfield code="d">OCLCO</subfield><subfield code="d">OCLCF</subfield></datafield><datafield ind1="1" ind2=" " tag="029"><subfield code="a">AU@</subfield><subfield code="b">000011126268</subfield></datafield><datafield ind1=" " ind2=" " tag="042"><subfield code="a">pcc</subfield></datafield><datafield ind1=" " ind2=" " tag="043"><subfield code="a">n-us-or</subfield></datafield><datafield ind1=" " ind2="4" tag="050"><subfield code="a">E99.U4</subfield><subfield code="b">C66x</subfield></datafield><datafield ind1="0" ind2="0" tag="245"><subfield code="a">Confederated Umatilla journal.</subfield></datafield><datafield ind1=" " ind2=" " tag="260"><subfield code="a">Pendleton, Or. :</subfield><subfield code="b">[s.n.],</subfield><subfield code="c">1975-</subfield></datafield><datafield ind1=" " ind2=" " tag="300"><subfield code="a">v. :</subfield><subfield code="b">ill. ;</subfield><subfield code="c">42 cm.</subfield></datafield><datafield ind1=" " ind2=" " tag="310"><subfield code="a">Monthly</subfield></datafield><datafield ind1="0" ind2=" " tag="362"><subfield code="a">Vol. 1, no. 1 (Dec. 1975)-</subfield></datafield><datafield ind1="1" ind2=" " tag="362"><subfield code="a">Ceased in 1982?</subfield></datafield><datafield ind1=" " ind2=" " tag="500"><subfield code="a">"Only an informed people has its future in its own hands."</subfield></datafield><datafield ind1=" " ind2=" " tag="515"><subfield code="a">Dec. 1977-Jan. 1978 issued combined; lacks numbering but constitutes v. 2 no. 12/v. 3 no. 1.</subfield></datafield><datafield ind1=" " ind2=" " tag="515"><subfield code="a">Feb. 1979 issue is unnumbered.</subfield></datafield><datafield ind1=" " ind2=" " tag="530"><subfield code="a">Also issued on microfilm from University of Oregon.</subfield></datafield><datafield ind1=" " ind2=" " tag="530"><subfield code="a">Also issued by subscription via the World Wide Web.</subfield></datafield><datafield ind1=" " ind2=" " tag="588"><subfield code="a">Latest issue consulted: Vol. 7, no. 11 (June 1982).</subfield></datafield><datafield ind1=" " ind2="0" tag="651"><subfield code="a">Confederated Tribes of the Umatilla Reservation, Oregon.</subfield></datafield><datafield ind1=" " ind2="0" tag="650"><subfield code="a">Cayuse Indians</subfield><subfield code="v">Newspapers.</subfield></datafield><datafield ind1=" " ind2="0" tag="650"><subfield code="a">Umatilla Indians</subfield><subfield code="v">Newspapers.</subfield></datafield><datafield ind1=" " ind2="0" tag="650"><subfield code="a">Walla Walla Indians</subfield><subfield code="v">Newspapers.</subfield></datafield><datafield ind1=" " ind2="0" tag="651"><subfield code="a">Umatilla Indian Reservation (Or.)</subfield><subfield code="v">Newspapers.</subfield></datafield><datafield ind1=" " ind2="0" tag="650"><subfield code="a">Indians of North America</subfield><subfield code="z">Oregon</subfield><subfield code="v">Newspapers.</subfield></datafield><datafield ind1=" " ind2="0" tag="651"><subfield code="a">Pendleton (Or.)</subfield><subfield code="v">Newspapers.</subfield></datafield><datafield ind1=" " ind2="0" tag="651"><subfield code="a">Umatilla County (Or.)</subfield><subfield code="v">Newspapers.</subfield></datafield><datafield ind1=" " ind2="7" tag="655"><subfield code="a">Newspapers.</subfield><subfield code="2">fast</subfield><subfield code="0">(OCoLC)fst01423814</subfield></datafield><datafield ind1="2" ind2="7" tag="610"><subfield code="a">Confederated Tribes of the Umatilla Reservation.</subfield><subfield code="2">fast</subfield><subfield code="0">(OCoLC)fst01725068</subfield></datafield><datafield ind1=" " ind2="7" tag="650"><subfield code="a">Cayuse Indians.</subfield><subfield code="2">fast</subfield><subfield code="0">(OCoLC)fst00849983</subfield></datafield><datafield ind1=" " ind2="7" tag="650"><subfield code="a">Indians of North America.</subfield><subfield code="2">fast</subfield><subfield code="0">(OCoLC)fst00969633</subfield></datafield><datafield ind1=" " ind2="7" tag="650"><subfield code="a">Umatilla Indians.</subfield><subfield code="2">fast</subfield><subfield code="0">(OCoLC)fst01160775</subfield></datafield><datafield ind1=" " ind2="7" tag="650"><subfield code="a">Walla Walla Indians.</subfield><subfield code="2">fast</subfield><subfield code="0">(OCoLC)fst01170118</subfield></datafield><datafield ind1=" " ind2="7" tag="651"><subfield code="a">Oregon.</subfield><subfield code="2">fast</subfield><subfield code="0">(OCoLC)fst01204579</subfield></datafield><datafield ind1=" " ind2="7" tag="651"><subfield code="a">Oregon</subfield><subfield code="z">Pendleton.</subfield><subfield code="2">fast</subfield><subfield code="0">(OCoLC)fst01217685</subfield></datafield><datafield ind1=" " ind2="7" tag="651"><subfield code="a">Oregon</subfield><subfield code="z">Umatilla County.</subfield><subfield code="2">fast</subfield><subfield code="0">(OCoLC)fst01212371</subfield></datafield><datafield ind1=" " ind2="7" tag="651"><subfield code="a">Oregon</subfield><subfield code="z">Umatilla Indian Reservation.</subfield><subfield code="2">fast</subfield><subfield code="0">(OCoLC)fst01259442</subfield></datafield><datafield ind1="1" ind2=" " tag="710"><subfield code="a">Confederated Tribes of the Umatilla Reservation, Oregon.</subfield></datafield><datafield ind1=" " ind2=" " tag="752"><subfield code="a">United States</subfield><subfield code="b">Oregon</subfield><subfield code="c">Umatilla</subfield><subfield code="d">Pendleton.</subfield></datafield><datafield ind1="0" ind2="0" tag="785"><subfield code="t">C.T.U.I.R. news</subfield><subfield code="w">(DLC)  2006260008</subfield><subfield code="w">(OCoLC)68046002</subfield></datafield><datafield ind1="4" ind2="1" tag="856"><subfield code="u">http://enw.softlineweb.com/ethnic.htm</subfield></datafield></record>